%% conceptos 
%% IoT

@article{cama2012,
  author = {Alejandro Cama and Emiro De la Hoz and Dora Cama},
  title = {Las redes de sensores inalámbricos y el Internet de las cosas},
  journal = {Revista INGE CUC},
  volume = {8},
  number = {1},
  pages = {163-172},
  year = {2012},
  publisher = {Corporación Universidad de la Costa - CUC},
  url = {https://www.cuc.edu.co/revistas},
  note = {Artículo que analiza la importancia de las \textit{WSN} en el contexto del IoT, destacando estándares como \textit{IEEE 802.15.4}, \textit{6LoWPAN} y \textit{RPL}.}
}

@book{rivera2024,
  author = {Juan Guillermo Rivera Berrío and Ramiro Antonio Lopera Sánchez},
  title = {Internet de las Cosas},
  publisher = {Red Educativa Digital Descartes},
  address = {Córdoba, España},
  year = {2024},
  isbn = {978-84-18834-92-9},
  url = {https://proyectodescartes.org/},
  note = {Libro que ofrece una introducción al IoT y su aplicación en diversos sectores.}
}

@article{mora2015,
  author = {Sonia Mora González},
  title = {El Internet de las cosas: Definición y aplicaciones},
  journal = {Investiga TEC},
  month = {Septiembre},
  year = {2015},
  note = {El artículo explora las aplicaciones potenciales del IoT y los desafíos que plantea en términos de privacidad y seguridad.}
}

@article{alonso2016,
  author = {Julio Alonso Arévalo},
  title = {El Internet de las Cosas},
  journal = {DesiderataLAB},
  number = {1},
  pages = {24-25},
  year = {2016},
  publisher = {Desiderata},
  note = {Análisis sobre la evolución del IoT y su impacto en la transformación de entornos urbanos e industriales.}
}

%% LoRa,LoRaWAN

@misc{doc_whatislorawan,
  title = {What is LoRaWAN},
  year = {2020},
  url = {https://www.thethingsnetwork.org/docs/lorawan/what-is-lorawan/},
  note = {LoRa Alliance. Disponible en: https://www.thethingsnetwork.org/docs/lorawan/what-is-lorawan}
}

@misc{doc_overviewsemtech,
  title = {Semtech LoRa Technology Overview},
  year = {2021},
  author = {Semtech},
  note = {Disponible en: https://semtech.com/lora/lora-technology-overview}
}

@misc{Lora,
author = {Documentación de semtech},
title = {¿Qué son LoRa® y LoRaWAN®?},
url = {https://lora-developers.semtech.com/documentation/tech-papers-and-guides/lora-and-lorawan/}
}

@online{doc_lorawanstandardsemtech,
  title = {LoRaWAN Standard | LoRa | Semtech},
  author = {Semtech},
  year = {2021},
  url = {https://semtech.com/lora/lora-and-lorawan},
  note = {Semtech. Disponible en: https://semtech.com/lora/lora-and-lorawan}
}

@misc{doc_frequencyplans,
  title = {Frequency Plans | The Things Network},
  year = {2020},
  author = {The Things Network},
  note = {The Things Network. Disponible en: https://www.thethingsnetwork.org/docs/lorawan/frequency-plans/}
}

@misc{doc_regionalparameters,
  title = {RP002-1.0.1 LoRaWAN Regional Parameters},
  year = {2015},
  author = {LoRa Alliance},
  note = {Parámetros regionales, especificación RP002, noviembre 2015}
}

@book{bertoleti2019proyectos,
  title={Proyectos com ESP32 y LoRa},
  author={Bertoleti, P. and Paiotti, R. and Leca, R.},
  isbn={9788595680661},
  url={https://books.google.es/books?id=Doi0DwAAQBAJ},
  year={2019},
  publisher={Editora NCB}
}

@misc{doc_aboutlorawan,
  title = {About LoRaWAN® - LoRa Alliance®},
  year = {2020},
  author = {LoRa Alliance},
  note = {LoRa Alliance. Disponible en: https://lora-alliance.org/about-lorawan/}
}

@misc{doc_loraphysemtech,
  title = {LoRa PHY | Semtech},
  year = {2021},
  author = {Semtech},
  note = {Disponible en: https://semtech.com/lora/lora-phy}
}

@misc{doc_adr,
  title = {Adaptive Data Rate | The Things Network},
  year = {2020},
  url = {https://www.thethingsnetwork.org/docs/lorawan/adr/},
  note = {The Things Network. Disponible en: https://www.thethingsnetwork.org/docs/lorawan/adr/}
}

@misc{ttn_security,
  title = {Security | The Things Network},
  howpublished = {\url{https://www.thethingsnetwork.org/docs/lorawan/security/}},
  note = {Explica la implementación de claves de seguridad y las medidas contra ataques de repetición en LoRaWAN.},
  year = {2024}
}

@misc{lorawan_security_whitepaper,
  title = {LoRaWAN™ Security White Paper},
  author = {Gemalto, Actility, Semtech},
  year = {2017},
  url = {https://lora-alliance.org/wp-content/uploads/2020/11/lorawan_security_whitepaper.pdf},
  note = {Describe los principios de autenticación, integridad y confidencialidad en la seguridad de LoRaWAN, incluyendo la encriptación de extremo a extremo para datos de aplicaciones IoT.}
}

@article{morales2021lorawan,
  author = {J. P. Morales Álvarez and V. I. Rodríguez Abdalá and F. M. R. Maciel Barboza and F. R. Castillo Soria},
  title = {Estudio descriptivo de LoRaWAN y aplicaciones específicas},
  journal = {difu100cia},
  volume = {15},
  number = {1},
  pages = {8-17},
  month = apr,
  year = {2021},

}







@online{registro-automotores,
  title       = {Dirección del Registro de Automotores},
  url         = {https://www.pj.gov.py/contenido/155-direccion-del-registro-de-automotores/1331},
  note        = {Estadística de matriculaciones correspondiente al periodo: octubre de 2000 a febrero de 2024},
}

@online{anuario-estadistico-2019,
  title       = {DENUNCIAS REGISTRADAS Y ACLARADAS EN LAS COMISARÍAS DEL país, según TIPO DE DELITO. AÑO 2019},
  url         = {https://www.datos.gov.py/dataset/anuario-estad-stico-2019-estad-sticas-policiales-y-accidentes-de-tr-nsito/resource/c73bf2da},
  note        = {Datos.gov.py - Anuario Estadístico 2019},
}
@online{informeAnual2020,
author = {Agencia Nacional de Tránsito y Seguridad Vial (ANTSV)},
title = {Informe Anual 2020},
year = {Año},
url = {https://www.antsv.gov.py/application/files/2716/1943/8500/INFORME_ANUAL_2020.pdf}
}
@online{informeAnual2021,
author = {Agencia Nacional de Tránsito y Seguridad Vial (ANTSV)},
title = {Informe Anual 2021 - Observatorio},
year = {Año},
url = {https://www.antsv.gov.py/application/files/8716/6004/9458/INFORME_ANUAL_2021_OBSERVATORIO.pdf}
}
@online{proyectoRFID,
author = {Quesada, Ivan},
title = {Proyecto Control y Seguimiento Automático de Vagones RFID-LORAWAN},
year = {2021},
note = {\url{https://doi.org/10.13140/RG.2.2.36244.01925}}
}

@misc{gestion,
author = {concepto de servicio},
title = {Gestión de la entrega de servicios},
url = {https://www.nomadia-group.com/es/recursos/blog/la-gestion-de-la-entrega-de-servicios-optimizando-la-satisfaccion-del-cliente/}
}

@article{martinez2019red,
  author = {Martínez Muñoz, G.},
  title = {Red de sensores para localización basada en LoRa y FIWARE},
  year = {2019},
  howpublished = {Trabajo Fin de Máster Inédito},
  school = {Universidad de Sevilla, Sevilla},
  url = {https://hdl.handle.net/11441/92169},
}

@misc{heltec,
author = {Documentación de Heltec},
title = {Documentación de Heltec oficial para el uso de WiFi LoRa 32},
url = {https://docs.heltec.org/en/node/esp32/wifi_lora_32/index.html#}
}

@misc{heliumDocs,
author = {Documentación de Helium},
title = {Descripción general de la red de helium},
url = {https://docs.helium.com/}
}

@misc{heliumDocs1,
author = {Documentación de Helium},
title = {Guía de Arduino para Heltec WiFi LoRa 32 V2},
url = {https://docs.helium.com/network-iot/devices/development/heltec/wifi-lora-32-v2/arduino/}
}



@misc{Lora3,
    title = {Arquitectura LoRaWAN},
    url = {https://www.thethingsnetwork.org/docs/lorawan/architecture/},
    author = {The things network},
    note = {Fecha de acceso, 2024}
}

@misc{rfid,
author = {Documentación de telectrónica},
title = {¿Qué es RFID?},
url = {https://telectronica.com/rfid-faq/}
}

@article{benavides2021implementacion,
  author = {Benavides Segura, Lizeth Inés and Cárdenas Espinoza, Bryan Daniel},
  title = {Implementación de un dispositivo IoT, basado en tecnología LoRa para la geolocalización y monitoreo fisiológico de personas en lugares turísticos},
  year = {2021},
  month = {dec},
  day = {7},
  note = {Escuela Superior Politécnica de Chimborazo. Riobamba},
  url = {http://dspace.espoch.edu.ec/handle/123456789/21248},
}

@article{fombona2017posibilidades,
  author = {FOMBONA, Javier and VÁZQUEZ, Esteban},
  title = {Posibilidades de utilización de la geolocalización y realidad aumentada en el ámbito educativo},
  year = {2017},
  howpublished = {En línea},
  note = {Citado el: 18 de Junio de 2021},
}

@article{garcia2017tecnicas,
  author = {Garcia, Eva},
  title = {Técnicas de Localización en Redes Inalámbricas de Sensores},
  year = {2017},
  month = {abr.},
  url = {https://www.researchgate.net/publication/228705728_Tecnicas_de_Localizacion_en_Redes_Inalambricas_de_Sensores},
}

@article{sierra2023geolocalizacion,
  author = {Sierra Perera, Daniel Alejandro and Milián Teijeiro, Gabriela and Quesada Hernández, Iván and Pérez Roche, Lisandra and Perera Miniet, Pedro Manuel},
  title = {Marco Teórico para la Implementación de la Geolocalización en Redes LPWAN},
  journal = {Revista Telemática},
  volume = {22},
  year = {2023},
  pages = {45--61},
  institution = {Universidad Tecnológica de la Habana “José Antonio Echeverría”, CUJAE, Facultad de Ingeniería en Telecomunicaciones y Electrónica},
url = {https://revistatelematica.cujae.edu.cu/index.php/tele/article/view/629/507},
}

@online{farhat2018,
  author = {Farhat, S.},
  title = {Los desechos: un análisis actualizado del futuro de la gestión de los desechos sólidos. - (Banco Mundial), c. 2018.},
  url = {https://www.bancomundial.org/es/news/immersive-story/2018/09/20/what-a-waste-an-updated-look-into-the-future-of-solid-waste-management#:~:text=La%20gesti%C3%B3n%20de%20los%20desechos%20s%C3%B3lidos},
  note = {Acceso: 10 de mayo 2024}
}

@online{wwf2019,
  author = {{World Wide Fund for Nature (WWF)}},
  title = {Reciclaje: breve historia de un eterno retorno. Fondo Mundial para la Naturaleza), c. 2019.},
  url = {https://wwf.panda.org/es/?347192/Reciclaje-breve-historia-de-un-eterno-retorno#:~:text=En%20una%20mirada%20global%2C%20es,all%C3%A1%},
  note = {Acceso: 12 de mayo 2024}
}

@online{urriola2021,
  author = {Urriola, Giselle},
  title = {El problema del Reciclaje en América Latina. The Food Tech), c. 2021.},
  url = {https://thefoodtech.com/historico/el-problema-del-reciclaje-en-america-latina/},
  note = {Acceso: 14 de mayo 2024}
}

@online{farhat2014,
  author = {Farhat, S.},
  title = {¿COMO RECICLO? – (Reciclar Paraguay), c. 2014.},
  url = {https://www.paraguaysinbasura.com/reciclar},
  note = {Acceso: 16 de mayo 2024}
}

@online{velazco2012,
  author = {Velazco Flórez, Sandra Yanet y Joyanes Aguilar, Luis},
  title = {Tendencias en Geolocalización para el 2012.},
  url = {https://gissicbogota.files.wordpress.com/2012/05/tendencias-en-geolocalizacic3b3n-para-el-2012.pdf},
  note = {Acceso: 18 de mayo 2024}
}

@online{rodriguez2010,
  author = {Rodríguez Benito, Elena},
  title = {La Geolocalización, Coordenadas hacia el Éxito. c. 2010.},
  url = {https://www.researchgate.net/publication/317231998_La_Geolocalizacion_Coordenadas_hacia_el_Exito_El_potencial_de_la_aplicacion_de_una_herramienta_social_de_geolocalizacion_en_la_comunicacion_institucional_y_corporativa},
  note = {Acceso: 20 de mayo 2024}
}

%Online
@online{beltran2012,
  author = {Beltrán López, Gersón},
  title = {Geolocalización y Redes Sociales. c. 2012.},
  url = {https://gersonbeltran.com/wp-content/uploads/2018/04/Geolocalizacio%CC%81n-y-Redes-Sociales-un-mundo-social-local-y-mo%CC%81vil.pdf},
  note = {Acceso: 22 de mayo 2024}
}

@online{garcia2017,
  author = {García Fernández, Jerónimo y Fernández Gavira, Jesús y Gálvez Ruiz, Pablo y Sánchez, Antonio Jesús y Grimaldi Puyana, Moisés},
  title = {La Geolocalización como Herramienta Para Conocer a los Consumidores. c. 2017.},
  url = {https://www.researchgate.net/publication/319654852_La_Geolocalizacion_como_Herramienta_para_Conocer_a_los_Consumidores_El_Caso_de_los_Centros_de_Fitness},
  note = {Acceso: 24 de mayo 2024}
}

@online{cascon,
  author = {Cascón Katchadourian, Jesús},
  title = {Aplicación de Herramientas SIG: Georreferenciación y Geolocalización.},
  url = {https://digibug.ugr.es/flexpaper/handle/10481/54300/29137433.pdf?sequence=4&isAllowed=y},
  note = {Acceso: 26 de mayo 2024}
}

@online{lucian2010,
  author = {Marín, LUCIAN E.},
  title = {Geolocalización: presente y futuro en redes sociales. c. 2010.},
  url = {http://amaruxs.blogspot.com/2010/02/geolocalizacion-presente-y-futuro-en.html},
  note = {Acceso: 28 de mayo 2024}
}

@online{velazco2012b,
  author = {Velazco Flórez, Sandra Yanet y Joyanes Aguilar, Luis},
  title = {Tendencia en Geolocalización para el 2012, Madrid},
  url = {https://gissicbogota.files.wordpress.com/2012/05/tendencias-en-geolocalizacic3b3n-para-el-2012.pdf},
  note = {Acceso: 30 de mayo 2024}
}

@online{beltran2015,
  author = {Beltrán López, Gersón},
  title = {La Geolocalización Social = Social Geolocation. c. 2015},
  url = {http://revpubli.unileon.es/ojs/index.php/poligonos/article/view/3290/2503},
  note = {Acceso: 01 de mayo 2024}
}

%Online
@online{sendpulse2018,
  author = {SendPulse},
  title = {Geolocalización. Tecnología, c. 2018},
  url = {https://sendpulse.com/latam/support/glossary/geolocation#:~:text=La%20geolocalizaci%C3%B3n%20ayuda%20a%20identificar,la%20ubicaci%C3%B3n%20geogr%C3%A1fica%20real%20identificada},
  note = {Acceso: 03 de mayo 2024}
}

@online{pozo2018,
  author = {Pozo-Ruz, A. y Ribeiro, A. y García-Alegre, M. C. y García, L. y Guinea, D. y Sandoval, F.},
  title = {Sistema de Posicionamiento Global (GPS): Descripción, Análisis de Errores, Aplicaciones y Futuro},
  url = {https://www.peoplematters.com/Archivos/Descargas/GPS.pdf},
  note = {Acceso: 05 de mayo 2024}
}

@online{lizon2013,
  author = {Lizon González, Roberto},
  title = {El Sistema GMS},
  url = {https://riunet.upv.es/bitstream/handle/10251/19023/Memoria_Lizon_Gonzalez_Roberto.pdf},
  note = {Acceso: 07 de mayo 2024}
}

@online{huidobro2013,
  author = {Huidobro, José Manuel},
  title = {Wi-Fi, Conectividad en todo lugar y momento},
  url = {https://www.acta.es/medios/articulos/informatica_y_computacion/035031.pdf},
  note = {Acceso: 09 de mayo 2024}
}

@online{pascual2016,
  author = {Pascual, Alex},
  title = {Stop Basura (Barcelona 1976)},
  url = {http://www.conama11.vsf.es/conama10/download/files/conama2016/CT%202016/1998973493.pdf},
  note = {Acceso: 11 de mayo 2024}
}

@online{gonzalezmartinez2013,
  author = {González Martínez, Ana Citalic},
  title = {Costos y Beneficios de Reciclar en México},
  url = {https://www.redalyc.org/pdf/539/53905802.pdf},
  note = {Acceso: 13 de mayo 2024}
}

@online{puellesperez2013,
  author = {Puelles Pérez, José Antonio},
  title = {Marketing de Reciclado},
  url = {https://eprints.ucm.es/id/eprint/3469/1/T18981.pdf},
  note = {Acceso: 15 de mayo 2024}
}

%Online
@online{munos2011,
  author = {Muños, Michelle},
  title = {Residencia Estudiantil Con Materiales Reciclables, c. 2011},
  url = {https://repositorio.usfq.edu.ec/bitstream/23000/829/1/99844.pdf},
  note = {Acceso: 17 de mayo 2024}
}

@online{benitez2015,
  author = {Benítez, L. F.},
  title = {La implementación del Mobile Marketing como herramienta multidisciplinar en el sector turístico y aeroportuario, c. 2015},
  url = {https://www.eumed.net/libros-gratis/2016/1539/#indice},
  note = {Acceso: 19 de mayo 2024}
}

@online{mendoza2015,
  author = {García Mendoza, María Guadalupe},
  title = {Usos y Tipos de Aplicaciones Móviles, c. 2015},
  url = {https://www.academia.edu/13777638/USOS_Y_TIPOS_DE_APLICACIONES_M%C3%93VILES},
  note = {Acceso: 21 de mayo 2024}
}

@online{achulli2022,
  author = {Guiorgui Achulli, Livia Jeff},
  title = {El desarrollo de las aplicaciones móviles, c. 2022},
  url = {https://repositorio.une.edu.pe/bitstream/handle/20.500.14039/7428/MONOGRAF%C3%8DA%20-%20ACHULLI%20LIVIA%20JEFF%20GUIORGUI%20-%20FATEC.pdf?sequence=1&isAllowed=y},
  note = {Acceso: 23 de mayo 2024}
}

@online{mdn2015,
  author = {{MDN Web Docs}},
  title = {Introduction to progressive web apps - Progressive Web Apps (PWAs), c. 2015},
  url = {https://developer.mozilla.org/en-US/docs/Web/Progressive_web_apps/Tutorials/js13kGames/Introduction#discoverability},
  note = {Acceso: 25 de mayo 2024}
}

@online{aguirre2019,
  author = {Aguirre, Verónica y Ortu, Agustín y Delía, Lisandro y Thomas, Pablo},
  title = {PWA para unificar el desarrollo Desktop, Web y Mobile, c. 2019},
  url = {https://core.ac.uk/download/pdf/287772017.pdf},
  note = {Acceso: 27 de mayo 2024}
}

@online{upplicatoins2018,
  author = {Upplicatoins},
  title = {Progressive Web App – La Nueva Manera de Entender las Apps},
  url = {https://www.upplication.com/images/pwa/upplication_PWA_2018_es-ES.pdf},
  note = {Acceso: 29 de mayo 2024}
}

%Online
@online{rodriguez2017,
  author = {Rodríguez, Rocío A. y Vera, Pablo M. y Martínez, M. Roxana},
  title = {Aplicaciones web progresivas impulsadas por el Avance de los Estándares Web},
  url = {http://sedici.unlp.edu.ar/bitstream/handle/10915/77181/Documento_completo.pdf-PDFA.pdf?sequence=1&isAllowed=y},
  note = {Acceso: 31 de mayo 2024}
}
@online{green4t2024,
  author = {Green4T},
  title = {Gestión de Residuos Electrónicos: Desafíos y Oportunidades},
  year = {2024},
  url = {https://www.green4t.com/es/arquivos/11056},
  note = {Acceso: 10 de mayo 2024}
}


@thesis{noguera2017,
  author = {Noguera Armoa, Diego David y Ferreira Ledezma, Arturo Javier},
  title = {Geolocalización de Servicios Automotrices por medio de Aplicación Móvil, 2017},
  school = {Facultad Politécnica - U.N.E.}
}

@thesis{rodriguez2018,
  author = {Rodríguez, María Elizabeth},
  title = {Desarrollo de una aplicación para la plataforma Android, basada en geolocalización, para obtener información de lugares de entretenimiento en Ciudad del Este, 2018},
  school = {Facultad Politécnica - U.N.E.}
}

@thesis{castanos2021,
  author = {Castaños Bornaechea, Celia},
  title = {Aplicación de Ayuda para el Reciclaje. c. 2021},
  school = {Universidad Complutense de Madrid},
  url = {https://eprints.ucm.es/id/eprint/66815/1/Casta%C3%B1os%20Bornaechea%2062955_Celia_Castanos_Bornaechea_Castanos_Bornaechea_Aplicacion_de_ayuda_para_el_reciclaje_784051_1921963579.pdf},
  note = {Acceso: 10 de mayo 2024}
}

@online{compromiso2018,
  author = {Compromiso Empresarial para El Reciclaje},
  title = {¿Dónde Reciclo?, Herramienta WEB, App para iOS y Android. Medio Ambiente, c. 2018},
  url = {https://dondereciclo.uy/sobre-el-proyecto},
  note = {Acceso: 12 de mayo 2024}
}

@online{acoplasticos2014,
  author = {Acoplasticos.org},
  title = {Pos consumo, Aplicación Móvil para iOS y Android. Medio Ambiente, c. 2014},
  url = {https://www.acoplasticos.org/index.php/%20mnu-noti/108-ns-170518},
  note = {Acceso: 14 de mayo 2024}
}

%Online
@online{tysmagazine2011,
  author = {tysmagazine.com},
  title = {Punto Limpio, Aplicación Móvil para iOS y Android. Medio Ambiente, c. 2011},
  url = {https://tysmagazine.com/punto-limpio-la-app-pone-reciclaje-electronico-la-palma-mano/},
  note = {Acceso: 16 de mayo 2024}
}

@online{proyungas2014,
  author = {proyungas.org.ar},
  title = {Reciclar, Aplicación Móvil para iOS y Android. Medio Ambiente, c. 2014},
  url = {https://proyungas.org.ar/post2/},
  note = {Acceso: 18 de mayo 2024}
}

%Chapter in a Thesis
@thesis{lopez2019,
  author = {López Guzmán, Sergio Emanuel},
  title = {Implementación del editor de código fuente Visual Studio Code en proyectos Web, c. 2019},
  url = {http://repositorio.upsin.edu.mx/formatos/632016030156LopezGuzmanSergioEmanuel6114.pdf},
  note = {Acceso: 20 de mayo 2024}
}

%Online
@online{googletrends2023,
  author = {Google Trends},
  title = {Comparativa de Editores de Código, Visual Studio Code, Sublime Text, Notepad++, c. 2023},
  url = {https://trends.google.com/trends/explore?q=%2Fm%2F0134xwrk,%2Fm%2F0b6h18n,%2Fm%2F04t89l&hl=es-419},
  note = {Acceso: 22 de mayo 2024}
}

%Online
@online{vscode2023,
  author = {Visual Studio Code},
  title = {Visual Studio Code - Documentation, c. 2023},
  url = {https://code.visualstudio.com/docs},
  note = {Acceso: 24 de mayo 2024}
}

%Online
@online{sublimetext2022,
  author = {EBook},
  title = {Aprendizaje – Sublime Text, c. 2022},
  url = {https://riptutorial.com/Download/sublimetext3-es.pdf},
  note = {Acceso: 26 de mayo 2024}
}

%Online
@online{notepadplusplus2022,
  author = {EBook},
  title = {Aprendizaje – Notepad++, c. 2022},
  url = {https://riptutorial.com/Download/notepadplusplus-es.pdf},
  note = {Acceso: 28 de mayo 2024}
}

%Online
@online{vscodefeatures2022,
  author = {Microsoft},
  title = {Características – Visual Studio Code, c. 2022},
  url = {https://learn.microsoft.com/es-es/visualstudio/ide/writing-code-in-the-code-and-text-editor?view=vs-2022},
  note = {Acceso: 30 de mayo 2024}
}

%Thesis
@thesis{jimenez2015,
  author = {Jiménez, Jazmín},
  title = {Herramientas de desarrollo web (Frameworks), c. 2015},
  url = {https://gc.scalahed.com/recursos/files/r161r/w24626w/Herramientasdesarrolloweb(Frameworks)S4.pdf},
  note = {Acceso: 02 de mayo 2024}
}

%Online
@online{googletrendsframeworks2023,
  author = {Google Trends},
  title = {Comparativa de Frameworks, Angular, Ember y Blackbone.js, c. 2023},
  url = {https://trends.google.com/trends/explore?q=Angular,Ember,Backbone.js&hl=es-419},
  note = {Acceso: 04 de mayo 2024}
}


%Online
@online{hazzard2011,
  author = {Hazzard, Erik},
  title = {OpenLayers 2.10, c. 2011},
  url = {https://www.geos.ed.ac.uk/~bmg/software/OpenLayers.2.10.Beginners.Guide2.pdf},
  note = {Acceso: 22 de mayo 2024}
}

%Online
@online{maplibre2023,
  title = {MapLibre c. 2023},
  url = {https://maplibre.org/},
  note = {Acceso: 24 de mayo 2024}
}

%Online
@online{mancomun2023,
  author = {Mancomun},
  title = {Historia MapBox c. 2023},
  url = {https://www.mancomun.gal/es/solucion-tic/mapbox/},
  note = {Acceso: 26 de mayo 2024}
}

%Online
@online{digital552023,
  title = {Mapbox, c. 2023},
  url = {https://digital55.com/que-es-mapbox/#:~:text=Mapbox%20es%20una%20plataforma%20de,y%20visualizaciones%20de%20datos%20geoespaciales.},
  note = {Acceso: 28 de mayo 2024}
}

%Online
@online{back4app2023,
  author = {Back4app},
  title = {Backend as Service, c. 2023},
  url = {https://blog.back4app.com/es/que-es-un-baas-backend-como-servicio/},
  note = {Acceso: 30 de mayo 2024}
}

%Online
@online{googletrendsfirebase2023,
  author = {Google Trends},
  title = {Firebase - Supabase -  Back4app, c. 2023},
  url = {https://trends.google.com/trends/explore?q=Firebase,Supabase,Back4App&hl=es},
  note = {Acceso: 02 de mayo 2024}
}

%Online
@online{tutorialspointfirebase2017,
  author = {Tutorials Point},
  title = {Firebase, c. 2017},
  url = {https://www.tutorialspoint.com/firebase/firebase_tutorial.pdf},
  note = {Acceso: 04 de mayo 2024}
}

%Online
@online{supabase2023,
  title = {Supabase Database, c. 2023},
  url = {https://supabase.com/docs/guides/database/overview},
  note = {Acceso: 06 de mayo 2024}
}

%Online
@online{back4appdatabase2023,
  title = {Back4app Database, c. 2023},
  url = {https://www.back4app.com/},
  note = {Acceso: 08 de mayo 2024}
}

%Online
@online{firebase2023,
  title = {Información Básica, c. 2023},
  url = {https://firebase.google.com/docs/guides?hl=es},
  note = {Acceso: 10 de mayo 2024}
}

%Online
@online{alvarezfirebase2022,
  author = {Miguel Angel Álvarez},
  title = {Manual de Firebase, c. 2022},
  url = {https://es.scribd.com/document/338154415/Manual-Firebase},
  note = {Acceso: 12 de mayo 2024}
}

%Online
@online{tutorialspointionic2018,
  author = {Tutorials Point},
  title = {Ionic, c. 2018},
  url = {https://www.tutorialspoint.com/ionic/ionic_tutorial.pdf},
  note = {Acceso: 14 de mayo 2024}
}

%Online
@online{capacitor2023,
  title = {Capacitor, c. 2023},
  url = {https://capacitorjs.com/docs},
  note = {Acceso: 16 de mayo 2024}
}

%Online
@online{androidstudio2023,
  title = {Android Studio, c. 2023},
  url = {https://developer.android.com/studio},
  note = {Acceso: 18 de mayo 2024}
}

%Online
@online{riptutorialnodejs2022,
  title = {Aprendizaje Node.js, c. 2022},
  url = {https://www.riptutorial.com/Download/node-js-es.pdf},
  note = {Acceso: 20 de mayo 2024}
}
// herramientas de HW
//gp02kit
@manual{ai-thinker-gp02,
  title       = {AI-Thinker GP-02 GPS Development Board GP-02 Kit Specifications},
  organization = {AI-Thinker},
  year        = {2020},
  url         = {https://cdn.robotshop.com/media/A/AIT/RB-Ait-24/pdf/ai_thinker_gp_02_gps_development_board_gp_02_kit_specifications.pdf},
  note        = {Accessed: Oct. 02, 2024}
}
//heltec lora32

// esto es antecedentes

@phdthesis{SkepplandHole2021,
  author      = {J. M. V. Skeppland Hole and N. Wetterskog},
  title       = {Lokalisering av sensorer med LoRaWAN på Kalmar Länssjukhus},
  school      = {Dissertation},
  year        = {2021},
  url         = {https://www.diva-portal.org/smash/get/diva2:1612938/FULLTEXT01.pdf}

}

@Article{Ponis2023,
  author      = {S. Ponis and G. Plakas and E. Aretoulaki and D. Tzanetou and T. N. Maroutas},
  title       = {LoRaWAN for tracking inland routes of plastic waste: Introducing the smart TRACKPLAST bottle},
  journal     = {Cleaner Waste Systems},
  volume      = {4},
  year        = {2023},
  pages       = {100068},
  issn        = {2772-9125},
  doi         = {10.1016/j.clwas.2022.100068},
  url         = {https://www.sciencedirect.com/science/article/pii/S2772912522000689},
}

@InProceedings{Sathiyanarayanan2018,
  author      = {M. Sathiyanarayanan and S. Mahendra and R. B. Vasu},
  booktitle   = {2018 Second International Conference on Green Computing and Internet of Things (ICGCIoT)},
  title       = {Smart Security System for Vehicles using Internet of Things (IoT)},
  year        = {2018},
  pages       = {430-435},
  doi         = {10.1109/ICGCIoT.2018.8753073},
}

@Article{Rana,
author = {Niyati Rana and Pravesh Khatta and Antim Dev Mishra},
title = {Smart Security System for Two-Wheelers},
journal = {International Journal of Technical Research \& Science (Special Issue)},
year = {2020},
url = {https://doi.org/10.30780/specialissue-ICACCG2020/019}
}


// esto es herramientas, tecnologias utilizadas

@article{Cherkaoui2021Review,
title={Review on Embedded Systems and the Internet of Things: Comparative Study},
author={A. Cherkaoui and S. Merzouk and A. Marzak and M. Hain},
journal={Proceedings of the 4th International Conference on Networking, Information Systems \& Security},
year={2021},
doi={10.1145/3454127.3457636}
}

@misc{LoRaE5Mini,
  title = {LoRa E5 Mini},
  author = {Seeed Studio},
  year = {2023},
  url = {https://wiki.seeedstudio.com/LoRa_E5_mini/}
}

@misc{WiFiLoRa32V3,
  title = {WiFi LoRa 32 V3},
  author = {Heltec},
  year = {2023},
  url = {https://heltec.org/project/wifi-lora-32-v3/}
}

@misc{SX1262,
  title = {SX1262},
  author = {Semtech},
  year = {2023},
  url = {https://www.semtech.com/products/wireless-rf/lora-connect/sx1262}
}


@misc{NucleoWL55JC,
  title = {Nucleo WL55JC},
  author = {STMicroelectronics},
  year = {2023},
  url = {https://www.st.com/en/evaluation-tools/nucleo-wl55jc.html}
}

@article{Jengsriwong2023LoRaWAN,
title={LoRaWAN GPS Tracker},
author={Nattaphit Jengsriwong and Suppakarn Chansareewittaya},
journal={2023 Joint International Conference on Digital Arts, Media and Technology with ECTI Northern Section Conference on Electrical, Electronics, Computer and Telecommunications Engineering (ECTI DAMT \& NCON)},
year={2023},
pages={199-202},
doi={10.1109/ECTIDAMTNCON57770.2023.10139617}
}

@article{Latifov2023Design,
title={Design and Implementation of a LoRa-based Home Monitoring System with Heltec ESP32 Gateway},
author={Akmaljon Latifov and Aneesh Pradeep},
journal={2023 15th International Conference on Electronics, Computers and Artificial Intelligence (ECAI)},
year={2023},
pages={01-06},
doi={10.1109/ECAI58194.2023.10194216}
}

@misc{MFRC522Datasheet,
  title = {MFRC522 Datasheet},
  author = {NXP Semiconductors},
  year = {2023},
  url = {https://www.elecrow.com/download/MFRC522%20Datasheet.pdf}
}

@manual{GP02Kit2021,
  title       = {GP-02 GPS Development Board Specifications},
  organization = {Shenzhen Ai-Thinker Technology Co., Ltd},
  year        = {2021},
  url         = {https://cdn.robotshop.com/media/A/AIT/RB-Ait-24/pdf/ai_thinker_gp_02_gps_development_board_gp_02_kit_specifications.pdf},
  note        = {Accessed: Oct. 02, 2024}
}

// de sw
@online{ThingsBoard,
  title       = {ThingsBoard - Open-source IoT Platform},
  organization = {ThingsBoard, Inc.},
  year        = {2024},
  url         = {https://thingsboard.io/},
  note        = {Accessed: Oct. 02, 2024}
}

@misc{Espressif2019,
  author       = {Espressif Systems},
  title        = {ESP32-WROOM-32, Datasheet},
  year         = {2019},
  note         = {[Online]. Available: \url{https://pdf1.alldatasheet.com/datasheet-pdf/download/1179101/ESPRESSIF/ESP-WROOM-32.html}}
}

@misc{ArduinoIDE,
  author       = {Arduino},
  title        = {Arduino IDE},
  note         = {[Online]. Disponible: \url{https://docs.arduino.cc/software/ide/}}
}


@misc{ArduinoIDEImage,
  author       = {Arduino},
  title        = {Getting Started with Arduino IDE 2},
  note         = {[Online]. Disponible: \url{https://docs.arduino.cc/software/ide-v2/tutorials/getting-started-ide-v2/}}
}

@misc{FritzingSoftware,
  author       = {Fritzing},
  title        = {Fritzing: Software para la Automatización del Diseño Electrónico (EDA)},
  note         = {[Online]. Disponible: \url{https://fritzing.org/}}
}

@misc{FritzingPrimerosPasos,
  author       = {Fritzing},
  title        = {Fritzing: Primeros Pasos},
  note         = {[Online]. Disponible: \url{https://fritzing.org/media/uploads/learning/translations/Fritzing-PrimerosPasos.pdf}}
}


@online{blender,
  title       = {About Blender},
  organization = {Blender Foundation},
  year        = {2024},
  url         = {https://www.blender.org/about/},
}

@online{blender1,
  title       = {Blender},
  organization = {Blender Foundation},
  year        = {2024},
  url         = {https://www.blender.org/},
}


// visualizar iot
@article{Alquhali2019IOT,
title={IOT Based Real-Time Vehicle Tracking System},
author={A. Alquhali and M. Roslee and M. Y. Alias and K. S. Mohamed},
journal={2019 IEEE Conference on Sustainable Utilization and Development in Engineering and Technologies (CSUDET)},
year={2019},
pages={265-270},
doi={10.1109/CSUDET47057.2019.9214633}
}


@article{Santa2019LPWAN-Based,
  title     = {LPWAN-Based Vehicular Monitoring Platform with a Generic IP Network Interface},
  author = {J. Santa and R. Sanchez-Iborra and P. Rodriguez-Rey and L. Bernal-Escobedo and A. Gómez-Skarmeta},
  journal   = {Sensors (Basel, Switzerland)},
  year      = {2019},
  volume    = {19},
  doi       = {10.3390/s19020264}
}

@inproceedings{Suwaid2019Embedded,
  title     = {Embedded LoRaWAN for Agricultural Sensing Applications},
  author = {Ma Suwaid and M. Habaebi and Sheroz Khan},
  booktitle = {2019 IEEE 6th International Conference on Engineering Technologies and Applied Sciences (ICETAS)},
  year      = {2019},
  pages     = {1--5},
  doi       = {10.1109/ICETAS48360.2019.9117346}
}

@inproceedings{Nwankwo2022IoT-Assisted,
  title     = {IoT-Assisted Intelligent Vehicle Tracking System using Cloud Computing},
  author = {Odinachi Udemezuo Nwankwo and C. I. Nwakanma and Dong Seong Kim and Jae-Min Lee},
  booktitle = {2022 13th International Conference on Information and Communication Technology Convergence (ICTC)},
  year      = {2022},
  pages     = {1677--1679},
  doi       = {10.1109/ICTC55196.2022.9952752}
}

@article{Alavi2019State,
title={State Monitoring for Situational Awareness in Rural Microgrids Using the IoT Infrastructure},
author={S. A. Alavi and M. Javadipour and K. Mehran},
journal={ArXiv},
year={2019},
volume={abs/1906.00437},
doi={}
}




 usar este en su lugar
@article{K2023IoT,
title={IoT Based Smart Helmet for Workers in Mines Using LoraWAN},
author={S. K and J. S and S. B and G. P},
journal={2023 2nd International Conference on Vision Towards Emerging Trends in Communication and Networking Technologies (ViTECoN)},
year={2023},
pages={1-6},
doi={10.1109/ViTECoN58111.2023.10157165}
}

// citas para usarse
@article{Manzoni2019Indoor,
title={Indoor Vehicles Geolocalization Using LoRaWAN},
author={P. Manzoni and C. Calafate and Juan-Carlos Cano and Enrique Hernández-Orallo},
journal={Future Internet},
year={2019},
volume={11},
pages={124},
doi={10.3390/FI11060124}
}

@article{Dey2017Anti-theft,
title={Anti-theft protection of vehicle by GSM & GPS with fingerprint verification},
author={Mrinmoy Dey and M. A. Arif and Md. Asif Mahmud},
journal={2017 International Conference on Electrical, Computer and Communication Engineering (ECCE)},
year={2017},
pages={916-920},
doi={10.1109/ECACE.2017.7913034}
}

@article{Dmitrievich2019Assessing,
title={Assessing the Possibility of Integration LPWAN Technology into Tracking and Monitoring Systems for Special Vehicles},
author={Ilin Alexander Dmitrievich and Belogurov Bogdan Dmitrievich},
journal={2019 International Siberian Conference on Control and Communications (SIBCON)},
year={2019},
pages={1-6},
doi={10.1109/SIBCON.2019.8729626}
}

@article{Fan2009A,title
={Un diseño de sistema de control inteligente de acceso a vehículos de bi-verificación basado en RFID},
author={Xiaohu Fan and Yulin Zhang},
journal={2009 9th International Conference on Electronic Measurement & Instruments},
year={2009},
pages={1-569-1-573},
doi={10.1109/ICEMI.2009.5274800}
}

@article{Wang2019Design,title
={Diseño e implementación de un pequeño sistema de red inalámbrica de monitoreo basado en LoRa},
author={J. Wang y Shiyu Yi y Donglin Zhan y Weihua Zhang},
journal={2019 IEEE 4th Advanced Information Technology Electronic and Automation Control Conference (IAEAC)},
year={2019},
volume={1},
pages={296-299},
doi={10.1109/IAEAC47372.2019.8997877}
}

@article{Chidolue2024Real-time,title
={Monitoreo en tiempo real y adquisición de datos usando LoRa para un pozo de petróleo remoto alimentado por energía solar},
author={O. Chidolue y Tariq Iqbal},
journal={International Journal of Applied Power Engineering (IJAPE)},
year={2024},
doi={10.11591/ijape.v13.i1.pp201-212}
}

@article{Francis2022Cost-Effective,
title={Cost-Effective Arduino-Based RFID Automated Cage Door and Pet Tagging with GPS Tracker using Peer-to-Peer LoRa WAN},
author={Imelda Francis and Shaharil Mohd Shah},
journal={Journal of Electronic Voltage and Application},
year={2022},
doi={10.30880/jeva.2022.03.02.005}
}

@article{Civelek,
author = {Civelek, Cagdas},
year = {2021},
month = {08},
pages = {},
title = {Development of an IoT based (LoRaWAN) Tractor Tracking System},
journal = {Tarım Bilimleri Dergisi},
doi = {10.15832/ankutbd.769200}
}

@article{Hamidu,
author = {Hamidu, Mamudu},
year = {2016},
month = {12},
pages = {Pages: 1-10},
title = {Use of RFID Technology as a Reporting Mechanism in Vehicle Tracking System},
volume = {Volume 2},
journal = {Advances in Wireless Communications and Networks},
doi = {10.11648/j.awcn.20160201.11}
}

%% metodologia

%%tb
@online{ThingsBoard_docs,
  title       = {Installing ThingsBoard using Docker (Windows)},
  organization = {ThingsBoard, Inc.},
  year        = {2024},
  url         = {https://thingsboard.io/docs/user-guide/install/docker-windows/},
  note        = {Accessed: Oct. 20, 2024}
}



@online{ThingsBoard_docs2,
  title       = {Installing ThingsBoard Doc)},
  organization = {ThingsBoard, Inc.},
  year        = {2024},
  url         = {https://thingsboard.io/docs/guides/},
  note        = {Accessed: Nov. 01, 2024}
}

@online{Google_Maps,
  title       = {Google Maps},
  organization = {Google LLC},
  year        = {2024},
  url         = {https://maps.google.com},
}

@online{Helium_Console,
  title       = {Helium Console},
  organization = {Helium Foundation},
  year        = {2024},
  url         = {https://console.helium.com/},
}

@online{Helium_Explorer,
  title       = {Helium Explorer},
  organization = {Helium Foundation},
  year        = {2024},
  url         = {https://explorer.helium.com/},
}

@online{Cryptii_Base64_to_Hex,
  title       = {Base64 to Hex Converter},
  organization = {Cryptii},
  year        = {2024},
  url         = {https://cryptii.com/pipes/base64-to-hex},
}

@online{SCADACore_Hex_Converter,
  title       = {Online Hex Converter},
  organization = {SCADACore},
  year        = {2024},
  url         = {https://www.scadacore.com/tools/programming-calculators/online-hex-converter/},
}

@online{FreeRTOS,
  title       = {FreeRTOS},
  organization = {Amazon Web Services, Inc.},
  year        = {2024},
  url         = {https://www.freertos.org},
}

@online{MQTT,
  title       = {MQTT: The Standard for IoT Messaging},
  organization = {MQTT.org},
  year        = {2024},
  url         = {https://mqtt.org/},
}

@misc{googleearth2024,
  author       = {Google Earth},
  title        = {Google Earth - Visualización de coordenadas y medición de distancias},
  howpublished = {\url{https://earth.google.com/web/}},
  year         = {2024},
  note         = {Imágenes utilizadas para validar las coordenadas obtenidas con el módulo GNSS y medir distancias entre puntos.},
}

@misc{omnicalculator2024,
  author       = {Omni Calculator},
  title        = {Calculadora de distancia entre coordenadas (Latitud y Longitud)},
  howpublished = {\url{https://www.omnicalculator.com/es/otros/calculadora-latitud-longitud-distancia}},
  year         = {2024},
  note         = {Herramienta utilizada para calcular distancias precisas entre puntos GPS adquiridos.},
}

@ARTICLE{8550722,
  author={Ikpehai and Augustine and Adebisi and Bamidele and Rabie and Khaled M. and Anoh Kelvin and Ande and Ruth E. and Hammoudeh and Mohammad and Gacanin and Haris and Mbanaso and Uche M.},
  journal={IEEE Internet of Things Journal}, 
  title={Low-Power Wide Area Network Technologies for Internet-of-Things: A Comparative Review}, 
  year={2019},
  volume={6},
  number={2},
  pages={2225-2240},
  doi={10.1109/JIOT.2018.2883728}
}

@article{RFidtech,
author = {Jia, Xiaolin and Feng and Quanyuan and Fan and Taihua and Lei and Quanshui},
year = {2012},
month = {04},
pages = {},
title = {RFID technology and its applications in Internet of Things (IoT)},
journal = {2012 2nd International Conference on Consumer Electronics, Communications and Networks, CECNet 2012 - Proceedings},
doi = {10.1109/CECNet.2012.6201508}
}

@article{Mechanismiot,
author = {Mohammad and Gouse and Shitharth and Syed, Salman and Dugyala and Raman and Rao and K.Sreenivasa and Alenezi and Fayadh and Althubiti and  Sara and Polat and Kemal},
year = {2022},
month = {03},
pages = {1-8},
title = {Mechanism of Internet of Things (IoT) Integrated with Radio Frequency Identification (RFID) Technology for Healthcare System},
volume = {2022},
journal = {Mathematical Problems in Engineering},
doi = {10.1155/2022/4167700}
}