@glossary{rfid,
  term = {RFID},
  definition = {Radio Frequency Identification: Tecnología para identificar objetos mediante señales de radio.}
}

@glossary{iot,
  term = {IoT},
  definition = {Internet of Things: Red de dispositivos interconectados que recopilan y comparten datos.}
}
